% REFERENCIAS BIBLIOGRÁFICAS - CAPÍTULO 1
% Entre el conocimiento y la acción: estrategias para la gestión del riesgo de desastres y la adaptación climática en el Valle de Aburrá
% Total de referencias: 32

@techreport{dane2019,
  author = {{DANE (Departamento Administrativo Nacional de Estadística)}},
  title = {Resultados Censo Nacional de Población y Vivienda 2018, Valle de Aburrá},
  institution = {República de Colombia},
  year = {2019},
  url = {https://www.dane.gov.co/files/censo2018/informacion-tecnica/presentaciones-territorio/190822-CNPV-presentacion-Antioquia-Valle-de-Aburra.pdf}
}

@techreport{dnp2023,
  author = {{DNP (Departamento Nacional de Planeación)}},
  title = {Fichar DER subregiones. Juntos por el territorio},
  year = {2023},
  url = {https://colaboracion.dnp.gov.co/CDT/Desarrollo%20Territorial/Portal%20Territorial/NuevosMandatarios/VALLEDEABURRA.pdf}
}

@incollection{ipcc2012,
  author = {{IPCC (Intergovernmental Panel on Climate Change)}},
  title = {Glossary of terms},
  booktitle = {Managing the Risks of Extreme Events and Disasters to Advance Climate Change Adaptation: A Special Report of Working Groups I and II},
  editor = {C. B. Field and V. Barros and T. F. Stocker and D. Qin and D. J. Dokken and K. L. Ebi and M. D. Mastrandrea and K. J. Mach and G.-K. Plattner and S. K. Allen and M. Tignor and P. M. Midgley},
  publisher = {Cambridge University Press},
  year = {2012},
  pages = {555--564},
  doi = {10.1017/CBO9781139177245.014}
}

@mastersthesis{uranzea2015,
  author = {Uran Zea, J. and Hoyos, C. D.},
  title = {Cambios en los valores extremos de variables climáticas en Colombia asociados a cambio climático},
  school = {Universidad Nacional de Colombia},
  type = {Tesis de Maestría},
  year = {2015}
}

@incollection{daza2020,
  author = {Daza-Caicedo, S. and Barbosa-Gómez, L. and Arboleda-Castrillón, T. and Lozano Borda, M.},
  title = {Stories in the history of science communication},
  booktitle = {Communicating Science: A Global Perspective},
  editor = {T. Gascoigne and B. Schiele and J. Leach and M. Riedlinger and B. V. Lewenstein and L. Massarani and P. Broks},
  publisher = {ANU Press},
  year = {2020},
  pages = {227--253}
}

@techreport{minciencias2020,
  author = {{Minciencias}},
  title = {Apropiación Social del Conocimiento Ciencia, Tecnología e Innovación de los ciudadanos para los ciudadanos. Documento de Política Nacional de Ciencia, Tecnología e Innovación N.º 2005},
  year = {2020}
}

@article{marin2012,
  author = {Marín Agudelo, S. A.},
  title = {Apropiación social del conocimiento: Una nueva dimensión de los archivos},
  journal = {Revista Interamericana de Bibliotecología},
  volume = {35},
  number = {1},
  pages = {55--62},
  year = {2012},
  doi = {10.17533/udea.rib.13337}
}

@article{franco2016,
  author = {Franco-Avellaneda, M.},
  title = {Transferencia e intercambio: cuando el río suena... Reflexiones para pensar el rumbo de la política de apropiación del conocimiento en Colombia},
  journal = {TRILOGÍA. Ciencia, Tecnología y Sociedad},
  volume = {8},
  number = {15},
  pages = {69--79},
  year = {2016},
  url = {https://revistas.itm.edu.co/index.php/trilogia/article/view/1185}
}

@techreport{minciencias2021,
  author = {{Ministerio de Ciencia, Tecnología e Innovación}},
  title = {Política pública de apropiación social del conocimiento en el marco de la Ciencia, la Tecnología y la Innovación},
  year = {2021},
  url = {https://minciencias.gov.co/sites/default/files/politica_publica_de_apropiacion_social_del_conocimiento.pdf}
}

@article{ramos2024,
  author = {Ramos-García, C. and Rodríguez Roa, A. A. and Rojas Gutiérrez, M. and Falla Morales, S. and Rocha Tamayo, A. M.},
  title = {Apropiación social de conocimiento para la gestión del riesgo de desastres: Aprendizajes de una experiencia con comunidades de Cundinamarca, Colombia},
  journal = {Revista de Estudios Latinoamericanos sobre Reducción del Riesgo de Desastres REDER},
  volume = {8},
  number = {1},
  pages = {234--253},
  year = {2024},
  doi = {10.55467/reder.v8i1.153}
}

@book{hellriegel1999,
  author = {Hellriegel, D. and Slocum, J. and Woodman, R.},
  title = {Comportamiento organizacional},
  publisher = {International Thomson Editores},
  year = {1999}
}

@article{bell2003,
  author = {Bell, R. L. and Lederman, N. G.},
  title = {Understanding of the nature of science and decision-making on science and technology-based issues},
  journal = {Science Education},
  volume = {87},
  number = {3},
  pages = {352--377},
  year = {2003},
  doi = {10.1002/sce.10063}
}

@misc{undrr2017,
  author = {{UNDRR (United Nations Office for Disaster Risk Reduction)}},
  title = {Preserving heritage boosts disaster resilience},
  year = {2017},
  url = {http://www.unisdr.org/archive/53456}
}

@article{garnett2021,
  author = {Garnett, J.},
  title = {Academic libraries -- changing the approach: resilience building against disruptive events and the contribution to disaster risk reduction frameworks},
  journal = {New Review of Academic Librarianship},
  volume = {27},
  number = {1},
  pages = {113--129},
  year = {2021},
  doi = {10.1080/13614533.2019.1703767}
}

@article{rogayan2020,
  author = {Rogayan, D. V. and Dollete, L. F.},
  title = {Disaster awareness and preparedness of Barrio Community in Zambales, Philippines: Creating a baseline for curricular integration and extension program},
  journal = {Review of International Geographical Education (RIGEO)},
  volume = {10},
  number = {2},
  pages = {92--114},
  year = {2020},
  doi = {10.33403/rigeo.634564}
}

@techreport{vega2021,
  author = {Vega Cuza, I.},
  title = {Sistemas de alerta temprana comunitarios inclusivos: Guía de recomendaciones para su diseño e implementación},
  institution = {Humanity \& Inclusion y Oxfam en Cuba},
  year = {2021}
}

@article{lugones2019,
  author = {Lugones Muro, M. and Badia Valdés, A. T.},
  title = {La comunicación para el fortalecimiento de los sistemas de alerta temprana},
  journal = {Alcance},
  volume = {8},
  number = {21},
  pages = {24--29},
  year = {2019},
  url = {https://revistas.uh.cu/alcance/article/view/5382}
}

@article{lopez2017,
  author = {López-García, J. D. and Carvajal-Escobar, Y. and Enciso-Arango, A. M.},
  title = {Sistemas de alerta temprana con enfoque participativo: un desafío para la gestión del riesgo en Colombia},
  journal = {Revista Luna Azul},
  volume = {44},
  pages = {231--246},
  year = {2017},
  doi = {10.17151/luaz.2017.44.14}
}

@misc{ley1523,
  author = {{Congreso de la República de Colombia}},
  title = {Ley 1523 de 2012: Por la cual se adopta la Política Nacional de Gestión del Riesgo de Desastres y se establece el Sistema Nacional de Gestión del Riesgo de Desastres y se dictan otras disposiciones},
  journal = {Diario Oficial},
  volume = {48.411},
  year = {2012},
  month = {abril},
  day = {24}
}

@misc{amva2019,
  author = {{Área Metropolitana del Valle de Aburrá (AMVA)}},
  title = {Sistema de Alerta Temprana Comunitario (SATC)},
  year = {2019},
  url = {https://www.metropol.gov.co/ambiental/siata/Paginas/SATC.aspx}
}

@book{patton1980,
  author = {Patton, M. Q.},
  title = {Qualitative evaluation methods},
  publisher = {Sage Publications},
  year = {1980}
}

@book{hernandez2006,
  author = {Hernández Sampieri, R. and Fernández Collado, C. and Baptista Lucio, P.},
  title = {Metodología de la investigación},
  publisher = {McGraw-Hill Education},
  year = {2006}
}

@book{galeano2004,
  author = {Galeano, M. U.},
  title = {Diseño de proyectos en investigación cualitativa},
  publisher = {Fondo Editorial Universidad de Eafit},
  year = {2004}
}

@article{saldana2015,
  author = {Saldaña Contreras, Y. and Gaona Tamez, L. L. and Jacobo Martínez, D. G.},
  title = {El estudio de caso como método de investigación y su contribución al campo de la empresa familiar},
  journal = {Revista Inceptum},
  volume = {10},
  number = {18},
  pages = {51--73},
  year = {2015},
  doi = {10.33110/inceptum.v10i18.211}
}

@book{stake1999,
  author = {Stake, R. E.},
  title = {Investigación con estudio de caso},
  publisher = {Morata},
  year = {1999}
}

@phdthesis{vazquez2005,
  author = {Vázquez-Bernal, B.},
  title = {La interacción entre la reflexión y la práctica en el desarrollo profesional de profesores de Ciencias Experimentales de Enseñanza Secundaria: estudio de casos},
  school = {Universidad de Huelva},
  type = {Tesis doctoral},
  year = {2005}
}

@article{vazquez2007a,
  author = {Vázquez-Bernal, B. and Jiménez-Pérez, R. and Mellado, V.},
  title = {El desarrollo profesional del profesorado de ciencias como integración, reflexión y práctica: La hipótesis de la complejidad},
  journal = {Revista Eureka sobre Enseñanza y Divulgación de las Ciencias},
  volume = {4},
  number = {3},
  pages = {372--393},
  year = {2007}
}

@article{vazquez2007b,
  author = {Vázquez-Bernal, B. and Jiménez-Pérez, R. and Mellado, V.},
  title = {La reflexión en profesoras de ciencias experimentales de enseñanza secundaria. Estudio de casos},
  journal = {Enseñanza de las Ciencias},
  volume = {25},
  number = {1},
  pages = {73--90},
  year = {2007}
}

@article{vazquez2010,
  author = {Vázquez-Bernal, B. and Jiménez-Pérez, R. and Mellado, V.},
  title = {Los obstáculos para el desarrollo profesional de una profesora de enseñanza secundaria en ciencias experimentales. Estudio de casos},
  journal = {Enseñanza de las Ciencias},
  volume = {28},
  number = {3},
  pages = {417--432},
  year = {2010}
}

@article{vazquez2012,
  author = {Vázquez-Bernal, B. and Mellado, V. and Jiménez-Pérez, R. and Taboada, M. C.},
  title = {The process of change in a science teacher's professional development: A case study based on the types of problems in the classroom},
  journal = {Science Education},
  volume = {96},
  number = {2},
  pages = {337--363},
  year = {2012},
  doi = {10.1002/sce.20473}
}

@phdthesis{wamba2001,
  author = {Wamba, A. M.},
  title = {Modelos didácticos personales y obstáculos para el desarrollo profesional: estudio de caso con profesores de Ciencias Experimentales en Educación Secundaria},
  school = {Universidad de Huelva},
  type = {Tesis doctoral},
  year = {2001}
}
