% REFERENCIAS BIBLIOGRÁFICAS - CAPÍTULO 2
% Enfoque etnodiferencial y riesgo de desastre en Colombia

@book{narvaez2009,
  author = {Narváez, L. and Lavell, A. and Pérez Ortega, G.},
  title = {La gestión del riesgo de desastres: Un enfoque basado en procesos},
  publisher = {Comunidad Andina},
  year = {2009},
  url = {http://www.comunidadandina.org/predecan/doc/libros/PROCESOS_ok.pdf}
}

@book{torrico2008,
  author = {Torrico Canaviri, G. and Ortiz Cañipa, S. and Salamanca Mazuelo, L. A. and Quiroga Becerra de la Roca, R.},
  title = {Los enfoques teóricos del desastre y la gestión local del riesgo: Construcción crítica del concepto},
  publisher = {National Centre of Competence in Research North-South (NCCR); OXFAM; Fundación para el Desarrollo Participativo Comunitario (FUNDEPCO)},
  year = {2008}
}

@book{maskrey1998,
  author = {Maskrey, A.},
  title = {Navegando entre brumas: La aplicación de los sistemas de información geográfica al análisis de riesgo en América Latina},
  publisher = {Red de Estudios Sociales en Prevención de Desastres en América Latina},
  year = {1998},
  url = {https://www.desenredando.org/public/libros/1998/neb/neb_intro_nov-09-2002.pdf}
}

@article{alcantara2025,
  author = {Alcántara-Ayala, I.},
  title = {Cascading hazards and compound disasters},
  journal = {NPJ Natural Hazards},
  year = {2025},
  volume = {2},
  number = {1},
  doi = {10.1038/s44304-025-00111-5}
}

@book{commoner1973,
  author = {Commoner, B.},
  title = {El círculo que se cierra},
  publisher = {Plaza \& Janés},
  year = {1973}
}

@book{capra2014,
  author = {Capra, F. and Luisi, P. L.},
  title = {The systems view of life: A unifying vision},
  publisher = {Cambridge University Press},
  year = {2014},
  doi = {10.1017/CBO9780511895555}
}

@article{spivak2003,
  author = {Chakravorty Spivak, G. and Giraldo, S.},
  title = {¿Puede hablar el subalterno?},
  journal = {Revista Colombiana de Antropología},
  year = {2003},
  pages = {297--364},
  doi = {10.22380/2539472X.1244}
}

@book{hallegatte2017,
  author = {Hallegatte, S. and Vogt-Schilb, A. and Bangalore, M. and Rozenberg, J.},
  title = {Unbreakable: Building the resilience of the poor in the face of natural disasters},
  publisher = {The World Bank},
  year = {2017},
  url = {http://documents1.worldbank.org/curated/en/512241480487839624/pdf/Unbreakable-building-the-resilience-of-the-poor-in-the-face-of-natural-disasters.pdf}
}

@misc{ley1523,
  author = {{Congreso de Colombia}},
  title = {Ley 1523: Por la cual se adopta la política nacional de gestión del riesgo de desastres y se establece el Sistema Nacional de Gestión del Riesgo de Desastres y se dictan otras disposiciones},
  year = {2012},
  address = {Bogotá D.C.}
}

@book{montero2004,
  author = {Montero, M.},
  title = {Introducción a la psicología comunitaria: Desarrollo, conceptos y procesos},
  publisher = {Paidós},
  year = {2004}
}

@book{navarro2020,
  author = {Navarro Martínez, S. I.},
  title = {Discursos y prácticas de la educación superior intercultural: La experiencia de Chiapas},
  publisher = {CLACSO},
  year = {2020},
  url = {https://biblioteca.clacso.edu.ar/clacso/se/20201124055040/Discursos-y-practicas.pdf}
}

@article{sanchez2013,
  author = {Sánchez Teruel, D. and Robles Bello, M. A.},
  title = {Inclusión como clave de una educación para todos: Revisión teórica},
  journal = {Revista Española de Orientación y Psicopedagogía},
  year = {2013},
  pages = {24--36},
  doi = {10.5944/reop.vol.24.num.2.2013.11257}
}

@techreport{ungrd2016,
  author = {{Unidad Nacional para la Gestión del Riesgo de Desastres (UNGRD)}},
  title = {Plan Nacional de Gestión del Riesgo de Desastres: Una estrategia de desarrollo 2015--2025},
  institution = {Unidad Nacional para la Gestión del Riesgo de Desastres},
  year = {2016},
  url = {https://portal.gestiondelriesgo.gov.co/Paginas/Plan-Nacional-de-Gestion-del-Riesgo.aspx}
}

@article{rodriguez2016,
  author = {Rodríguez, A. R. and Montenegro, M.},
  title = {Retos contemporáneos para la psicología comunitaria: Reflexiones sobre la noción de comunidad},
  journal = {Interamerican Journal of Psychology},
  year = {2016},
  pages = {14--22},
  doi = {10.30849/rip/ijp.v50i1.40}
}

@article{guzman2020,
  author = {Guzmán-Valenzuela, C. and Rojas-Murphy Tagle, A. and Gómez-González, C.},
  title = {Epistemic polyphony of research on the students' experiences: The Latin-American case},
  journal = {Education Policy Analysis Archives},
  year = {2020},
  volume = {28},
  pages = {96},
  doi = {10.14507/epaa.28.4919}
}

@incollection{lastra2020,
  author = {Lastra, M. S.},
  title = {Polifonía política de los retornos del exilio: Reflexiones y preguntas desde el Cono Sur},
  booktitle = {Miradas a las migraciones, las fronteras y los exilios},
  editor = {Coraza de los Santos, E. and Lastra, S.},
  pages = {175--195},
  publisher = {Consejo Latinoamericano de Ciencias Sociales},
  year = {2020},
  url = {http://hdl.handle.net/11336/192669}
}

@article{sciurano2022,
  author = {Sciurano, G. A. and Melamud, M.},
  title = {¿Ellos o nosotros? Escritura polifónica y los límites del campo en un estudio etnográfico sobre nuevas espiritualidades},
  journal = {Campos: Revista de Antropología Social},
  year = {2022},
  volume = {23},
  number = {1},
  pages = {222--247},
  doi = {10.5380/cra.v23i1.82198}
}

@article{reales2022,
  author = {Reales Chacón, L. and Robalino Morales, G. and Peñafiel Luna, A. and Cárdenas Medina, J. and Cantuña-Vallejo, P.},
  title = {El muestreo intencional no probabilístico como herramienta de la investigación científica en carreras de ciencias de la salud},
  journal = {Universidad y Sociedad},
  year = {2022},
  volume = {14},
  number = {S5},
  pages = {681--691},
  url = {https://rus.ucf.edu.cu/index.php/rus/article/view/3338}
}

@article{giesecke2020,
  author = {Giesecke Sara Lafosse, M. P.},
  title = {Elaboración y pertinencia de la matriz de consistencia cualitativa para las investigaciones en ciencias sociales},
  journal = {Desde el Sur},
  year = {2020},
  volume = {12},
  number = {2},
  pages = {397--417},
  doi = {10.21142/des-1202-2020-0023}
}

@article{alaggia2020,
  author = {Alaggia, R. and Wang, S.},
  title = {I never told anyone until the \#metoo movement: What can we learn from sexual abuse and sexual assault disclosures made through social media?},
  journal = {Child Abuse \& Neglect},
  year = {2020},
  volume = {103},
  pages = {104312},
  doi = {10.1016/j.chiabu.2019.104312}
}

@techreport{hanashiro2020,
  author = {Hanashiro, H.},
  title = {Estudio de diagnóstico de la integración de la inclusión y la protección en el Plan Nacional de Gestión del Riesgo de Desastres en Colombia},
  institution = {Comunidad Andina de Naciones (Secretaría General) y Humanity \& Inclusion},
  year = {2020},
  type = {Informe técnico}
}

@techreport{ungrd2019,
  author = {{Unidad Nacional para la Gestión del Riesgo de Desastres}},
  title = {El enfoque diferencial en la gestión del riesgo de desastres: etnia, género y discapacidad},
  year = {2019},
  url = {https://portal.gestiondelriesgo.gov.co/Documents/ENFOQUE-DIFERENCIAL-Y-DE-GENERO-UNGRD.pdf}
}

@techreport{ungrd2017,
  author = {{Unidad Nacional para la Gestión del Riesgo de Desastres}},
  title = {Guía para la participación comunitaria en la gestión del riesgo de desastres},
  year = {2017},
  url = {http://repositorio.gestiondelriesgo.gov.co/handle/20.500.11762/20793}
}

@techreport{ungrd2013,
  author = {{Unidad Nacional para la Gestión del Riesgo de Desastres}},
  title = {Guía comunitaria para la gestión del riesgo de desastre},
  year = {2013},
  url = {https://repositorio.gestiondelriesgo.gov.co:8443/bitstream/handle/20.500.11762/157/2-guia-comunitaria-grd.pdf}
}

@article{amorim2022,
  author = {Amorim-Maia, A. T. and Anguelovski, I. and Chu, E. and Connolly, J.},
  title = {Intersectional climate justice: A conceptual pathway for bridging adaptation planning, transformative action, and social equity},
  journal = {Urban Climate},
  year = {2022},
  volume = {41},
  pages = {101053},
  doi = {10.1016/j.uclim.2021.101053}
}

@article{andreucci2022,
  author = {Andreucci, D. and Zografos, C.},
  title = {Between improvement and sacrifice: Othering and the (bio)political ecology of climate change},
  journal = {Political Geography},
  year = {2022},
  volume = {92},
  pages = {102512},
  doi = {10.1016/j.polgeo.2021.102512}
}

@article{eriksen2021,
  author = {Eriksen, S. and Schipper, E. L. F. and Scoville-Simonds, M. and Vincent, K. and Adam, H. N. and Brooks, N. and Harding, B. and Khatri, D. and Lenaerts, L. and Liverman, D. and Mills-Novoa, M. and Mosberg, M. and Movik, S. and Muok, B. and Nightingale, A. and Ojha, H. and Sygna, L. and Taylor, M. and Vogel, C. and West, J. J.},
  title = {Adaptation interventions and their effect on vulnerability in developing countries: Help, hindrance or irrelevance?},
  journal = {World Development},
  year = {2021},
  volume = {141},
  pages = {105383},
  doi = {10.1016/j.worlddev.2020.105383}
}

@article{diaz2025,
  author = {Díaz Heredia, L. P. and Medina, M. and Corredor Pardo, K. A. and Gómez, J.},
  title = {Propuesta metodológica participativa desde Colombia para la recolección de datos en gestión del riesgo de emergencias y desastres},
  journal = {Revista de Estudios Latinoamericanos sobre Reducción del Riesgo de Desastres REDER},
  year = {2025},
  volume = {9},
  number = {2},
  pages = {106},
  doi = {10.55467/reder.v9i2.198}
}

@article{sandoval2021,
  author = {Sandoval-Díaz, J. and Martínez-Labrín, S.},
  title = {Gestión comunitaria del riesgo de desastre: Una propuesta metodológica-reflexiva desde las metodologías participativas},
  journal = {Revista de Estudios Latinoamericanos sobre Reducción del Riesgo de Desastres REDER},
  year = {2021},
  volume = {5},
  number = {2},
  pages = {75},
  doi = {10.55467/reder.v5i2.73}
}

@article{suazo2025,
  author = {Suazo-Muñoz, C. and Sandoval-Díaz, J. and Navarrete-Valladares, C.},
  title = {Metodologías participativas en la gestión comunitaria del riesgo de desastre: Revisión sistemática de experiencias en América Latina},
  journal = {Perspectiva Geográfica},
  year = {2025},
  volume = {30},
  number = {2},
  pages = {1--21},
  doi = {10.19053/uptc.01233769.18118}
}

@article{ramirez2016,
  author = {Ramírez Elizalde, L. A. and Vélez Torres, I.},
  title = {Percepción social y respuesta institucional frente al desastre de Tierradentro, Colombia},
  journal = {Perspectiva Geográfica},
  year = {2016},
  volume = {20},
  number = {2},
  pages = {269--296},
  doi = {10.19053/01233769.4517}
}

@article{hernandez2020,
  author = {Hernández Peña, Y. T. and Vargas Cuervo, G. and Zafra Mejía, C. A.},
  title = {Percepciones sobre fenómenos volcánicos: Elementos para la gestión del riesgo en Colombia},
  journal = {Perspectiva Geográfica},
  year = {2020},
  pages = {99--119},
  doi = {10.19053/01233769.9488}
}

@article{londono2024,
  author = {Londoño, P. A. V. and Monsalve, L. F. D. and Trujillo, S. P.},
  title = {The significance of prior resilience experiences in communities exposed to socio-political violence in Colombia for enhancing the community-based disaster management (CBDM) model},
  journal = {Journal of Infrastructure, Policy and Development},
  year = {2024},
  volume = {8},
  number = {9},
  pages = {5352},
  doi = {10.24294/jipd.v8i9.5352}
}

@article{rivera2020,
  author = {Rivera Flórez, L. A. and Rodríguez Gaviria, E. M. and Velásquez Castañeda, C. A. and Guzmán Tenjo, H. P. and Ramírez Madrigal, A.},
  title = {La gestión comunitaria del riesgo: Justicia espacial y ambiental},
  journal = {Bitácora Urbano Territorial},
  year = {2020},
  volume = {30},
  number = {3},
  pages = {205--218},
  doi = {10.15446/bitacora.v30n3.87769}
}

@article{valencia2024,
  author = {Valencia Londoño, P. A. and Valencia Londoño, D.},
  title = {Persistent vulnerability after disaster risk reduction (DRR) response: The case of Salgar, Colombia},
  journal = {Sustainability},
  year = {2024},
  volume = {16},
  number = {11},
  pages = {4394},
  doi = {10.3390/su16114394}
}

@article{hadlos2022,
  author = {Hadlos, A. and Opdyke, A. and Hadigheh, S. A.},
  title = {Where does local and indigenous knowledge in disaster risk reduction go from here? A systematic literature review},
  journal = {International Journal of Disaster Risk Reduction},
  year = {2022},
  volume = {79},
  pages = {103160},
  doi = {10.1016/j.ijdrr.2022.103160}
}

@article{vasileiou2022,
  author = {Vasileiou, K. and Barnett, J. and Fraser, D. S.},
  title = {Integrating local and scientific knowledge in disaster risk reduction: A systematic review of motivations, processes, and outcomes},
  journal = {International Journal of Disaster Risk Reduction},
  year = {2022},
  volume = {81},
  pages = {103255},
  doi = {10.1016/j.ijdrr.2022.103255}
}

@article{baudoin2016,
  author = {Baudoin, M.-A. and Henly-Shepard, S. and Fernando, N. and Sitati, A. and Zommers, Z.},
  title = {From top-down to "community-centric" approaches to early warning systems: Exploring pathways to improve disaster risk reduction through community participation},
  journal = {International Journal of Disaster Risk Science},
  year = {2016},
  volume = {7},
  number = {2},
  pages = {163--174},
  doi = {10.1007/s13753-016-0085-6}
}