@article{basualdo,
  author = {Basualdo, L. and Domenech, E. and Pérez, E.},
  title = {Territorios de la movilidad en disputa: Cartografías críticas para el análisis de las migraciones y las fronteras en el espacio sudamericano},
  journal = {Redalyc},
  volume = {4070},
  number = {407062159005},
  url = {https://www.redalyc.org/journal/4070/407062159005/}
}

@article{sauls2023,
  author = {Sauls, L. A. and Paneque-Gálvez, J. and Amador-Jiménez, M. and Vargas-Ramírez, N. and Laumonier, Y.},
  title = {Drones, communities and nature: Pitfalls and possibilities for conservation and territorial rights},
  journal = {Global Social Challenges Journal},
  volume = {2},
  pages = {24--46},
  year = {2023},
  doi = {10.1332/AJHA9183}
}

@article{vargas2019,
  author = {Vargas-Ramírez, N. and Paneque-Gálvez, J.},
  title = {The global emergence of community drones (2012-2017)},
  journal = {Drones},
  volume = {3},
  number = {4},
  pages = {76},
  year = {2019},
  doi = {10.3390/drones3040076}
}

@inproceedings{wehn2014,
  author = {Wehn, U. and Evers, J.},
  title = {Citizen observatories of water: Social innovation via eParticipation?},
  booktitle = {Advances in Computer Science Research},
  year = {2014},
  doi = {10.2991/ict4s-14.2014.1}
}

@article{klonner2014,
  author = {Klonner, C. and Barron, C. and Neis, P. and Höfle, B.},
  title = {Updating digital elevation models via change detection and fusion of human and remote sensor data in urban environments},
  journal = {International Journal of Digital Earth},
  volume = {8},
  number = {2},
  pages = {153--171},
  year = {2014},
  doi = {10.1080/17538947.2014.881427}
}

@article{liu2015,
  author = {Liu, C. and Xiong, L. and Hu, X. and Shan, J.},
  title = {A progressive buffering method for road map update using OpenStreetMap data},
  journal = {ISPRS International Journal of Geo-Information},
  volume = {4},
  number = {3},
  pages = {1246--1264},
  year = {2015},
  doi = {10.3390/ijgi4031246}
}

@article{tost2017,
  author = {Tost, J. and Ehmel, F. and Heidmann, F. and Olen, S. and Bookhagen, B.},
  title = {Hazards and accessibility: Combining and visualizing threat and open infrastructure data for disaster management},
  journal = {ICA Proceedings},
  volume = {1},
  pages = {115},
  year = {2017},
  doi = {10.5194/ica-proc-1-115-2018}
}

@misc{hotosm,
  author = {{Humanitarian OpenStreetMap Team}},
  title = {Humanitarian OpenStreetMap Team},
  year = {2024},
  month = {April},
  day = {26},
  url = {https://www.hotosm.org}
}

@misc{geolabudea,
  author = {{Semillero de Investigación GeoLab}},
  title = {Facebook},
  year = {2024},
  month = {April},
  day = {26},
  url = {https://web.facebook.com/GeolabUdeA}
}

@article{wåhlberg2001,
  author = {Wåhlberg, A. E.},
  title = {The theoretical features of some current approaches to risk perception},
  journal = {Journal of Risk Research},
  volume = {4},
  number = {3},
  pages = {237--250},
  year = {2001},
  doi = {10.1080/13669870152023791}
}

@article{trejo2022,
  author = {Trejo-Rangel, M. A. and Ferreira, A. M. and Marchezini, V. and Rodríguez, D. A. and Da Silva Oliveira, M. and Santos, D. M. D.},
  title = {Giving voice to the voiceless: Connecting graduate students with high school students by incubating DRR plans through participatory mapping},
  journal = {Disaster Prevention and Management},
  volume = {31},
  number = {2},
  pages = {124--133},
  year = {2022},
  doi = {10.1108/DPM-03-2021-0100}
}

@misc{alcaldia2023a,
  author = {{Alcaldía de Medellín}},
  title = {Planeación de desarrollo local y presupuesto participativo},
  url = {https://www.medellin.gov.co/irj/portal/medellin}
}

@misc{elespectador2022a,
  author = {{El Espectador}},
  title = {Emergencia por deslizamiento de tierra en San Antonio de Prado},
  year = {2022},
  month = {May},
  day = {18},
  url = {https://telemedellin.tv/deslizamiento-tierra-san-antonio-de-prado/491594}
}

@misc{elespectador2022b,
  author = {{El Espectador}},
  title = {Anuncian más puntos de riesgo en San Antonio de Prado, Antioquia},
  year = {2022},
  month = {July},
  day = {19},
  url = {https://www.elespectador.com/colombia/medellin/anuncian-mas-puntos-de-riesgo-en-san-antonio-de-prado-antioquia}
}

@misc{telemedellín2022a,
  author = {{Telemedellín}},
  title = {Emergencia por deslizamiento de tierra en San Antonio de Prado},
  year = {2022},
  month = {May},
  day = {18},
  url = {https://telemedellin.tv/deslizamiento-tierra-san-antonio-de-prado/491594}
}

@misc{telemedellín2022b,
  author = {{Telemedellín}},
  title = {San Antonio de Prado espera intervención de un derrumbe},
  year = {2022},
  month = {September},
  day = {19},
  url = {https://telemedellin.tv/derrumbe-san-antonio-de-prado-intervencion/569593/}
}

@misc{alcaldia2022,
  author = {{Alcaldía de Medellín}},
  title = {El DAGRD hace seguimiento a 20 movimientos en masa en Medellín catalogados históricamente como puntos críticos},
  year = {2022},
  month = {May},
  day = {17},
  url = {https://www.medellin.gov.co/es/sala-de-prensa/noticias/el-dagrd-hace-seguimiento-a-20-movimientos-en-masa-en-medellin-catalogados-historicamente-como-puntos-criticos/}
}

@misc{alcaldia2024,
  author = {{Alcaldía de Medellín}},
  title = {Catálogo geográfico de Medellín},
  year = {2024},
  url = {https://www.medellin.gov.co/giscatalogacion/srv/spa/catalog.search}
}

@misc{alcaldia2023b,
  author = {{Alcaldía de Medellín}},
  title = {Elecciones territoriales 2023},
  url = {https://www.medellin.gov.co/es/sala-de-prensa/noticias/elecciones-territoriales-2023/}
}

@misc{alcaldia2019,
  author = {{Alcaldía de Medellín}},
  title = {Plan municipal de gestión del riesgo de desastres de Medellín 2015-2030},
  url = {https://www.medellin.gov.co/irj/portal/medellin}
}

@misc{geolab2023,
  author = {{GeoLab}},
  title = {Mapeo participativo en San Antonio de Prado},
  year = {2023},
  url = {https://mapeoparticipativosap.blogspot.com/}
}

@misc{openstreetmap,
  author = {{OpenStreetMap}},
  title = {OpenStreetMap},
  url = {https://www.openstreetmap.org}
}

@misc{geolab2023form,
  author = {{GeoLab}},
  title = {Formulario de encuesta Kobo Toolbox},
  year = {2023},
  url = {https://kf.kobotoolbox.org/#/forms/aPdaqMdRZh3w2eBUyNoU6m}
}

@misc{medellin2021,
  author = {{Ortofoto Medellín}},
  title = {Ortofoto Medellín},
  year = {2021},
  month = {August},
  url = {https://www.medellin.gov.co/giscatalogacion/giscatalogacion/api/records/96aafbdd-3540-4d43-81a5-aad822ae9285}
}

@misc{ortofoto2023,
  author = {{Ortofoto Proyecto de Mapeo de San Antonio de Prado}},
  title = {Ortofoto proyecto de mapeo de San Antonio de Prado},
  year = {2023},
  month = {November},
  url = {https://map.openaerialmap.org}
}

@misc{eos,
  author = {{EOS Data Analytics}},
  title = {EOS Data Analytics},
  url = {https://www.eos.com}
}

@misc{tasking,
  author = {{Tasking Manager}},
  title = {Tasking Manager},
  year = {2024},
  url = {https://tasks.hotosm.org}
}

@article{llorens2009,
  author = {Llorens, R. and Masquef, A.},
  title = {Movimiento de ladera},
  journal = {Enseñanzas de las Ciencias de la Tierra},
  volume = {17},
  number = {3},
  pages = {284--294},
  year = {2009},
  issn = {1132-9157}
}

@misc{servicio2017,
  author = {{Servicio Geológico Colombiano}},
  title = {Clasificación de movimientos en masa y su distribución en terrenos geológicos de Colombia},
  year = {2017}
}

@article{tempa2021,
  author = {Tempa, K. and Peljor, K. and Wangdi, S. and Ghalley, R. and Jamtsho, K. and Ghalley, S. and Pradhan, P.},
  title = {UAV technique to localize landslide susceptibility and mitigation proposal: A case of Rinchending Goenpa landslide in Bhutan},
  journal = {Natural Hazards Research},
  volume = {1},
  number = {4},
  pages = {171--186},
  year = {2021},
  doi = {10.1016/j.nhres.2021.09.001}
}

@article{yang2021,
  author = {Yang, D. and Qiu, H. and Hu, S. and Pei, Y. and Wang, X. and Du, C. and Long, Y. and Cao, M.},
  title = {Influence of successive landslides on topographic changes revealed by multitemporal high-resolution UAS-based DEM},
  journal = {Catena},
  volume = {202},
  pages = {105229},
  year = {2021},
  doi = {10.1016/j.catena.2021.105229}
}

@article{bathurst2010,
  author = {Bathurst, J. C. and Bovolo, C. I. and Cisneros, F.},
  title = {Modelling the effect of forest cover on shallow landslides at the river basin scale},
  journal = {Ecological Engineering},
  volume = {36},
  number = {3},
  pages = {317--327},
  year = {2010},
  doi = {10.1016/j.ecoleng.2009.05.001}
}

@article{grima2020,
  author = {Grima, N. and Edwards, D. and Edwards, F. and Petley, D. and Fisher, B.},
  title = {Landslides in the Andes: Forests can provide cost-effective landslide regulation services},
  journal = {Science of the Total Environment},
  volume = {745},
  pages = {141128},
  year = {2020},
  doi = {10.1016/j.scitotenv.2020.141128}
}

@article{marin2020,
  author = {Marín, R. J. and Marín-Londoño, J. and Mattos, Á. J.},
  title = {Análisis y evaluación del riesgo de deslizamientos superficiales en un terreno montañoso tropical: Implementación de modelos físicos simples},
  journal = {Scientia et Technica},
  volume = {25},
  number = {1},
  pages = {164--171},
  year = {2020},
  doi = {10.22517/23447214.22171}
}