@book{legs2023,
  author = {LEGS},
  title = {Livestock Emergency Guidelines and Standards},
  edition = {3rd edition},
  publisher = {Practical Action Publishing},
  address = {Rugby, UK},
  year = {2023},
  doi = {10.3362/9781788532488}
}

@misc{peckyno2010,
  author = {Peckyno, R.},
  title = {How do volcanoes affect plants and animals},
  publisher = {Volcano World, Oregon State University},
  year = {2010},
  url = {https://volcano.oregonstate.edu/faq/how-do-volcanoes-affect-plants-and-animals}
}

@book{sawyer2018,
  author = {Sawyer, J. and Huertas, G.},
  title = {Animal management and welfare in natural disasters},
  publisher = {Routledge},
  year = {2018},
  doi = {10.4324/9781315640907}
}

@book{irvine2009,
  author = {Irvine, L.},
  title = {Filling the ark: Animal welfare in disasters},
  publisher = {Temple University Press},
  address = {Philadelphia, PA},
  year = {2009}
}

@book{knight2022,
  author = {Knight, A. and Phillips, C. and Sparks, P.},
  title = {Routledge Handbook of Animal Welfare},
  edition = {1st ed.},
  publisher = {Routledge},
  year = {2022},
  doi = {10.4324/9781003182351}
}

@misc{usgs2018,
  author = {U.S. Geological Survey},
  title = {Agriculture -- Plants & Animals. Volcanic Ashfall Impacts},
  year = {2018},
  url = {https://volcanoes.usgs.gov/volcanic_ash/agriculture.html}
}

@article{millard2004,
  author = {Millard, S.},
  title = {Volcanoes of the world},
  journal = {Reference Reviews},
  volume = {18},
  number = {1},
  pages = {42--43},
  year = {2004},
  doi = {10.1108/09504120410513357}
}

@article{carr2025,
  author = {Carr, S. and Hopner, V. and Meyer, I. and Di Fabio, A. and Scott, J. and Matuschek, I. and Blake, D. and Saxena, M. and Saner, R. and Saner-Yiu, L. and Massola, G. and Atkins, S. G. and Reichman, W. and Saltzman, J. and McWha-Hermann, I. and Tchagneno, C. and Searle, R. and Mukerjee, J. and Blustein, D. and Haar, J.},
  title = {The wheel of work and the sustainable livelihoods index (SL-I)},
  journal = {Sustainability},
  volume = {17},
  number = {14},
  pages = {6295},
  year = {2025},
  doi = {10.3390/su17146295}
}

@misc{fao2024,
  author = {FAO},
  title = {The unjust climate -- Measuring the impacts of climate change on rural poor, women and youth},
  address = {Rome},
  year = {2024},
  doi = {10.4060/cc9680en}
}

@book{cortes2004,
  author = {Cortés Marín, E. A.},
  title = {Sector agropecuario y desarrollo rural: Una mirada integral},
  publisher = {Universidad Nacional de Colombia, Facultad de Ciencias Agropecuarias},
  year = {2004}
}

@misc{acnur2011,
  author = {ACNUR},
  title = {Manual de reasentamiento del ACNUR},
  year = {2011},
  url = {https://www.acnur.org/fileadmin/Documentos/Publicaciones/2013/9138.pdf}
}

@misc{fao2015,
  author = {FAO},
  title = {The impact of natural hazards and disasters on agriculture and food security and nutrition security},
  year = {2015},
  pages = {1--54},
  url = {https://openknowledge.fao.org/server/api/core/bitstreams/a9b93dc0-9b13-4644-96d0-fd8879e66007/content}
}

@inproceedings{qasim2017,
  author = {Qasim, W. and Breiling, M. and Moon, B. E. and Ko, H. J. and Kim, H. T.},
  title = {Effects of disasters and climate change on livestock sector and its implications on ASEAN food security},
  booktitle = {Proceedings of the Conference},
  address = {South Korea},
  publisher = {Economic Research Institute for ASEAN and East Asia},
  year = {2017}
}

@misc{fedegan2025,
  author = {Federación Colombiana de Ganaderos and Fondo Nacional del Ganado},
  title = {El sector ganadero y las afectaciones climáticas, comportamiento, impactos y propuestas},
  year = {2025},
  url = {https://estadisticas.fedegan.org.co/DOC/download.jsp?pRealName=Afectaciones_climaticas_sector_ganadero_2024_.pdf&iIdFiles=1137}
}

@article{bakshi2018,
  author = {Bakshi, M. P. S. and Wadhwa, M. and Makkar, H. P. S.},
  title = {Feeding strategies during natural calamities},
  journal = {Indian Journal of Animal Nutrition},
  volume = {35},
  number = {1},
  pages = {1--21},
  year = {2018}
}

@article{sastry2018,
  author = {Sastry, N. S. R.},
  title = {Managing the livestock sector during floods & cyclones},
  journal = {Journal of Rural Development},
  year = {2018},
  doi = {10.5958/2231-6744.2018.00001.4}
}

@misc{cotton2004,
  author = {Cotton, S. and McBride, T. and Ackerman, R.},
  title = {Caring for livestock during disaster},
  series = {Livestock Series No. 814},
  year = {2004},
  url = {https://bit.ly/3iVJS2t}
}

@article{sen2003,
  author = {Sen, A. and Chander, M.},
  title = {Disaster management in India: The case of livestock and poultry},
  journal = {Revue Scientifique et Technique},
  volume = {22},
  number = {3},
  pages = {915--930},
  year = {2003},
  doi = {10.20506/rst.22.3.1453}
}

@misc{usgs2015,
  author = {U.S. Geological Survey},
  title = {Agriculture -- Plants & Animals. Volcanic Ashfall Impacts},
  year = {2015},
  url = {https://volcanoes.usgs.gov/volcanic_ash/agriculture.html}
}

@inbook{contrafatto2022,
  author = {Contrafatto, L.},
  title = {Volcanic ash},
  booktitle = {Sustainable concrete made with ashes and dust from different sources},
  pages = {331--418},
  publisher = {Woodhead Publishing},
  year = {2022},
  doi = {10.1016/B978-0-12-824050-2.00011-5}
}

@inbook{williams2015,
  author = {Williams-Jones, G. and Rymer, H.},
  title = {Hazards of volcanic gases},
  booktitle = {The encyclopedia of volcanoes},
  pages = {985--992},
  publisher = {Academic Press},
  year = {2015},
  doi = {10.1016/B978-0-12-385938-9.00057-2}
}

@article{mehta2010,
  author = {Mehta, P.},
  title = {Science behind acid rain: Analysis of its impacts and advantages on life and heritage structures},
  journal = {South Asian Journal of Tourism and Heritage},
  volume = {3},
  number = {2},
  year = {2010}
}

@misc{uach2015,
  author = {Universidad Austral de Chile},
  title = {Consideraciones sobre las cenizas del Calbuco y el ganado},
  year = {2015},
  url = {https://diario.uach.cl/consideraciones-sobre-las-cenizas-del-calbuco-y-el-ganado}
}

@article{flueck2016,
  author = {Flueck, W. T.},
  title = {The impact of recent volcanic ash depositions on herbivores in Patagonia: A review},
  journal = {The Rangeland Journal},
  volume = {38},
  number = {1},
  pages = {27--34},
  year = {2016}
}

@article{hernandez2014,
  author = {Hernández, D.},
  title = {Animales en situación de emergencias y desastres},
  journal = {Congreso ACOVEZ},
  volume = {43},
  number = {2},
  pages = {36},
  year = {2014},
  doi = {10.1071/RJ14124}
}

@article{wilson2010,
  author = {Wilson, T. and Stewart, C. and Cole, J. and Cronin, S. and Johnston, D.},
  title = {Vulnerability of farm water supply systems to volcanic ash fall},
  journal = {Environmental Earth Sciences},
  volume = {61},
  number = {4},
  pages = {675--688},
  year = {2010},
  doi = {10.1007/s12665-009-0380-2}
}

@misc{fao_woah2015,
  author = {FAO and WOAH/OMSA},
  title = {Global control and eradication of peste des petits ruminants: Investing in veterinary systems, food security and poverty alleviation},
  year = {2015}
}

@misc{wap2023,
  author = {World Animal Protection},
  title = {Protecting animals from natural disasters before they strike: Reducing risk is not negotiable, it saves lives},
  year = {2023},
  url = {https://www.worldanimalprotection.org/latest/news/protecting-animals-natural-disasters-they-strike-reducing-risk-not-negotiable-it-saves-lives}
}

@misc{neild2003,
  author = {Neild, J. and Cronin, S.},
  title = {Volcanic ashfall impacts: Animals (livestock)},
  year = {2003},
  url = {https://volcanoes.usgs.gov/volcanic_ash/ash_gas_vog.html}
}

@article{becker2001,
  author = {Becker, J. and Smith, R. and Johnston, D. and Munro, A.},
  title = {Effects of the 1995--1996 Ruapehu eruptions and people's perceptions of volcanic hazards after the event},
  journal = {Australasian Journal of Disaster and Trauma Studies},
  volume = {5},
  number = {1},
  year = {2001}
}

@article{wilson2011,
  author = {Wilson, T. and Cole, J. and Cronin, S. and Stewart, C. and Johnston, D.},
  title = {Impacts on agriculture following the 1991 eruption of Vulcan Hudson, Patagonia: Lessons for recovery},
  journal = {Natural Hazards},
  volume = {57},
  number = {1},
  pages = {185--212},
  year = {2011},
  doi = {10.1007/s11069-010-9604-8}
}

@article{furness2011,
  author = {Furness, M. C.},
  title = {Technical large animal emergency rescue},
  journal = {Canadian Veterinary Journal},
  volume = {52},
  number = {5},
  pages = {540},
  year = {2011},
  pmcid = {PMC3078013}
}

@article{craig2016,
  author = {Craig, H. and Wilson, T. and Stewart, C. and Outes, V. and Villarosa, G. and Baxter, P.},
  title = {Impacts to agriculture and critical infrastructure in Argentina after ashfall from the 2011 eruption of the Cordón Caulle volcanic complex: An assessment of published damage and function thresholds},
  journal = {Journal of Applied Volcanology},
  volume = {5},
  number = {1},
  pages = {1--31},
  year = {2016},
  doi = {10.1186/s13617-016-0046-1}
}

@article{garden2013,
  author = {Garden, E. and Pérez, G. E. and Acosta-Janett, G. and Bronsvoort, B. M.},
  title = {Challenges encountered during the veterinary disaster response: An example from Chile},
  journal = {Animals},
  volume = {3},
  number = {4},
  pages = {1073--1085},
  year = {2013},
  doi = {10.3390/ani3041073}
}

@misc{legs2022,
  author = {Livestock Emergency Guidelines and Standards},
  title = {Livestock emergency preparedness and response for areas at high risk of volcanic eruptions: A technical brief for LEGS},
  year = {2022},
  url = {https://www.livestock-emergency.net/wp-content/uploads/2022/04/Livestock-Volcanic-Brief_March-2022.pdf}
}

@article{coto2019,
  author = {Coto-Cedeño, W. I.},
  title = {Nubes de ceniza, campos de arena: Actividad volcánica en Costa Rica y su impacto en el sector agropecuario, 1950--2017},
  journal = {Revista Geográfica de América Central},
  volume = {1},
  number = {62},
  pages = {108--137},
  year = {2019},
  doi = {10.15359/rgac.62-1.5}
}

@article{navarre2018,
  author = {Navarre, C. B. and Thomson, D. U.},
  title = {Disaster response for beef cattle operations},
  journal = {Veterinary Clinics of North America: Food Animal Practice},
  volume = {34},
  number = {2},
  pages = {i},
  year = {2018},
  doi = {10.1016/S0749-0720(18)30019-7}
}

@article{rasool2021,
  author = {Rasool, S. and Hamdani, S. A. and Ayman, N. and Fayaz, A. and Shubeena, S. and Thahaby, N. and Nabi, B. and Hai, A. and Akand, A. H.},
  title = {The impact of natural disasters on livestock sector: A review},
  journal = {Journal of Biomedical Research & Environmental Sciences},
  volume = {2},
  number = {8},
  pages = {669--674},
  year = {2021},
  doi = {10.37871/jbres1295}
}
