% REFERENCIAS BIBLIOGRÁFICAS - CAPÍTULO 4
% Evaluación multitemporal de la resiliencia comunitaria ante eventos tecnológicos en la Comuna 10
% Total de referencias: 17

@book{cruzroja2006,
  author = {{Cruz Roja Internacional}},
  title = {¿Cómo se hace un AVC? Guía práctica para el personal y los voluntarios de la Cruz Roja y de la Media Luna Roja},
  publisher = {Cruz Roja},
  year = {2006}
}

@techreport{onu2016,
  author = {{ONU (Oficina de las Naciones Unidas para la Reducción del Riesgo de Desastres)}},
  title = {Informe del grupo de trabajo intergubernamental de expertos de composición abierta sobre los indicadores y la terminología relacionados con la reducción del riesgo de desastres},
  institution = {Naciones Unidas},
  year = {2016}
}

@article{ciccotti2020,
  author = {Ciccotti, L. and Rodrigues, A. and Boscov, M. and Gunther, W.},
  title = {Building indicators of community resilience to disasters in Brazil: A participatory approach},
  journal = {Ambiente & Sociedade},
  volume = {23},
  pages = {1--24},
  year = {2020},
  doi = {10.1590/1809-4422asoc20190151vu2020L3AO}
}

@techreport{unisdr2009,
  author = {{ONU (Oficina de las Naciones Unidas para la Reducción del Riesgo de Desastres)}},
  title = {Terminología sobre reducción del riesgo de desastres},
  institution = {UNISDR},
  year = {2009},
  url = {https://www.unisdr.org/files/7817_UNISDRTerminologySpanish.pdf}
}

@book{mccaul2016,
  author = {McCaul, B. and Mitsidou, A.},
  title = {Análisis de la resiliencia de las comunidades ante desastres},
  publisher = {GOAL},
  year = {2016}
}

@article{sandoval2022,
  author = {Sandoval, V. and Navarrete, F. and Cuadra, S.},
  title = {Resiliencia comunitaria ante desastres en América Latina: tendencias y desafíos},
  journal = {Revista de Estudios Latinoamericanos sobre Reducción del Riesgo de Desastres},
  volume = {6},
  number = {1},
  pages = {45--67},
  year = {2022}
}

@techreport{goal2015,
  author = {{GOAL}},
  title = {Herramienta para medir la resiliencia comunitaria ante desastres},
  institution = {GOAL},
  year = {2015},
  url = {https://www.goalglobal.org/}
}

@techreport{goal2016,
  author = {{GOAL}},
  title = {Análisis de la resiliencia de las comunidades ante desastres. Manual de Usuario},
  institution = {GOAL},
  year = {2016}
}

@techreport{klimsa2019,
  author = {Klimsa, C.},
  title = {Avances en los lineamientos metodológicos para aproximarse a la medición de resiliencia},
  institution = {CEPAL},
  year = {2019},
  url = {https://repositorio.cepal.org/handle/11362/45042}
}

@techreport{ecopetrol2015,
  author = {{Ecopetrol S.A. and Veeduría Ciudadana and Fundación Social Cooplarosa}},
  title = {Huellas de Esperanza. Análisis del desastre tecnológico de Villa Carola},
  institution = {Ecopetrol S.A.},
  year = {2015}
}

@article{sendaiframework2015,
  author = {{UNISDR}},
  title = {Marco de Sendai para la Reducción del Riesgo de Desastres 2015-2030},
  year = {2015},
  url = {https://www.unisdr.org/we/coordinate/sendai-framework}
}

@techreport{dosquebradas2023,
  author = {{Municipio de Dosquebradas}},
  title = {Plan Municipal de Gestión del Riesgo de Desastres},
  institution = {Municipio de Dosquebradas},
  year = {2023}
}

@article{buckle2001,
  author = {Buckle, P.},
  title = {Community disaster resilience: A complex mix of diverse factors},
  journal = {Australian Journal of Emergency Management},
  volume = {16},
  number = {1},
  pages = {56--63},
  year = {2001}
}

@article{campbell2012,
  author = {Campbell, K.},
  title = {Understanding community resilience in the context of disaster risk reduction},
  journal = {Journal of Disaster Risk Reduction},
  volume = {3},
  pages = {4--15},
  year = {2012}
}

@techreport{mcr2030,
  author = {{UNISDR}},
  title = {Making Cities Resilient 2030 (MCR2030). A Global Alliance for Disaster Risk Reduction},
  institution = {UNISDR},
  year = {2021},
  url = {https://www.mcr2030.org/}
}

@article{natech2020,
  author = {Giraldo, N. and Langebeck, E.},
  title = {Evaluación del riesgo tecnológico en Colombia: desafíos y oportunidades},
  journal = {Revista Colombiana de Gestión del Riesgo},
  volume = {5},
  pages = {123--145},
  year = {2020}
}

@book{wisner2004,
  author = {Wisner, B. and Blaikie, P. and Cannon, T. and Davis, I.},
  title = {At Risk: Natural Hazards, People's Vulnerability and Disasters},
  publisher = {Routledge},
  edition = {Second},
  year = {2004}
}
