@article{knuth84,
  author = {Knuth, Donald E.},
  title = {Literate Programming},
  year = {1984},
  issue_date = {May 1984},
  publisher = {Oxford University Press, Inc.},
  address = {USA},
  volume = {27},
  number = {2},
  issn = {0010-4620},
  url = {https://doi.org/10.1093/comjnl/27.2.97},
  doi = {10.1093/comjnl/27.2.97},
  journal = {Comput. J.},
  month = may,
  pages = {97–111},
  numpages = {15}
}

% Referencias del Capítulo 3: Resiliencia Comunitaria

@manual{cruzroja2006,
  title = {¿Cómo se hace un AVC? Guía práctica para el personal y los voluntarios de la Cruz Roja y de la Media Luna Roja},
  author = {{Cruz Roja Internacional}},
  year = {2006},
  organization = {Cruz Roja}
}

@article{ciccotti2020,
  author = {Ciccotti, L. and Rodrigues, A. and Boscov, M. and Gunther, W.},
  title = {Building indicators of community resilience to disasters in Brazil: A participatory approach},
  journal = {Ambiente \& Sociedade},
  volume = {23},
  pages = {1-24},
  year = {2020},
  doi = {10.1590/1809-4422asoc20190151vu2020L3AO},
  url = {https://doi.org/10.1590/1809-4422asoc20190151vu2020L3AO}
}

@techreport{klimsa2019,
  author = {Klimsa, C.},
  title = {Avances en los lineamientos metodológicos para aproximarse a la medición de resiliencia},
  institution = {CEPAL},
  year = {2019},
  url = {https://repositorio.cepal.org/handle/11362/45042}
}

@manual{onu2009,
  title = {Terminología sobre reducción del riesgo de desastres},
  author = {{ONU}},
  organization = {Oficina de las Naciones Unidas para la Reducción del Riesgo de Desastres (UNISDR)},
  year = {2009},
  url = {https://www.unisdr.org/files/7817_UNISDRTerminologySpanish.pdf}
}

@techreport{onu2016,
  title = {Informe del grupo de trabajo intergubernamental de expertos de composición abierta sobre los indicadores y la terminología relacionados con la reducción del riesgo de desastres},
  author = {{ONU}},
  institution = {Oficina de las Naciones Unidas para la Reducción del Riesgo de Desastres},
  year = {2016},
  organization = {Naciones Unidas}
}

@techreport{mccaul2016,
  author = {McCaul, B. and Mitsidou, A.},
  title = {Análisis de la resiliencia de las comunidades ante desastres},
  institution = {GOAL},
  year = {2016}
}

@manual{goal2015,
  title = {Herramienta para medir la resiliencia comunitaria ante desastres},
  author = {{GOAL}},
  year = {2015},
  organization = {GOAL}
}

@manual{goal2016,
  title = {Análisis de la resiliencia de las comunidades ante los desastres: Caja de herramientas ARC-D y manual de guía al usuario},
  author = {{GOAL}},
  year = {2016},
  organization = {GOAL}
}

@techreport{dosquebradas2020,
  title = {Plan municipal de gestión del riesgo de desastres},
  author = {{Alcaldía de Dosquebradas}},
  institution = {Dirección de Gestión del Riesgo – DIGER},
  year = {2020},
  organization = {Alcaldía de Dosquebradas}
}

@techreport{ecopetrol2012,
  title = {Formación de grupos comunitarios, líderes gestores de gestión de riesgos: Análisis de riesgos en el territorio. Productos comunitarios},
  author = {{Ecopetrol S.A.} and {Corporiesgos}},
  year = {2012},
  organization = {Ecopetrol}
}

@thesis{vasquez2020,
  author = {Vásquez, J.},
  title = {Análisis de la evaluación al plan en la gestión del riesgo de desastres antes y después del 2011 en la Comuna 10 del municipio de Dosquebradas},
  type = {Trabajo de investigación},
  year = {2020}
}

@manual{ungrd2018,
  title = {Lo que usted debe saber sobre riesgo tecnológico},
  author = {{Unidad Nacional de Gestión del Riesgo de Desastres}},
  year = {2018},
  organization = {UNGRD}
}

@book{ecopetrol2015,
  title = {Huellas de esperanza},
  author = {{Ecopetrol S.A.} and {Veeduría Ciudadana} and {Fundación Social Cooplarosa}},
  year = {2015},
  publisher = {Ecopetrol}
}

@article{sandoval2023,
  author = {Sandoval-Díaz, J. and Navarrete Muñoz, M. and Cuadra Martínez, D.},
  title = {Revisión sistemática sobre la capacidad de adaptación y resiliencia comunitaria ante desastres socionaturales en América Latina y el Caribe},
  journal = {Revista de Estudios Latinoamericanos sobre Reducción del Riesgo de Desastres},
  volume = {7},
  number = {2},
  pages = {187-203},
  year = {2023},
  doi = {10.55467/reder.v7i2.130},
  url = {https://doi.org/10.55467/reder.v7i2.130}
}

@article{pell2021,
  author = {Pell del Río, S. M. and Valdés Santiago, D. and Gil Rodríguez, A. L. and Amador Romero, F. J. and Cairo Pell, K. S. and Paneque Quevedo, A. A. and Lorenzo Ruíz, A. and Febles Elejalde, M. M.},
  title = {Risk perception during confinement by COVID-19 in a Cuban sample: Preliminary results},
  journal = {Anales de la Academia de Ciencias de Cuba},
  volume = {11},
  number = {1},
  year = {2021},
  url = {http://www.revistaccuba.sld.cu/index.php/revacc/article/view/895}
}

@article{frometa2017,
  author = {Frómeta-Alfaro, M. and Guardado-Lacaba, R.},
  title = {Percepción del riesgo: Su rol ante el cambio climático, sus efectos y la adaptación},
  journal = {Revista de Innovación Social y Desarrollo},
  volume = {2},
  number = {1},
  pages = {96-108},
  year = {2017},
  url = {https://revistas.uh.cu/risd/article/view/3316}
}

@mastersthesis{jaque2021,
  author = {Jaque Castillo, E. D.},
  title = {Resiliencia frente a riesgos de desastres en la ciudad de Linares, Chile: Evaluación a través del modelo de las Naciones Unidas},
  school = {Universidad de Concepción},
  type = {Tesis de Maestría},
  year = {2021},
  url = {https://repositorio.udec.cl/handle/11594/9470}
}

@article{yanez2020,
  author = {Yánez, M. and Martelo, J. and Rodríguez, H.},
  title = {Cálculo y análisis de la resiliencia},
  journal = {Sociedad y Economía},
  volume = {41},
  pages = {64-87},
  year = {2020},
  doi = {10.25100/sye.v0i41.8823},
  url = {https://doi.org/10.25100/sye.v0i41.8823}
}


@book{connor2015,
	title = {Probabilistic Volcanic Hazard Assessment},
	author = {Connor, Chuck and Bebbington, Mark and Marzocchi, Warner},
	year = {2015},
	date = {2015},
	publisher = {Elsevier Inc.},
	url = {http://dx.doi.org/10.1016/B978-0-12-385938-9.00051-1},
	note = {Publication Title: The Encyclopedia of Volcanoes
DOI: 10.1016/b978-0-12-385938-9.00051-1}
}

@article{lindsay2018,
	title = {Integrating volcanic hazard data in a systematic approach to develop volcanic hazard maps in the lesser antilles},
	author = {Lindsay, Jan M. and Robertson, Richard E.A.},
	year = {2018},
	date = {2018},
	journal = {Frontiers in Earth Science},
	pages = {1--17},
	volume = {6},
	number = {April},
	doi = {10.3389/feart.2018.00042}
}

@article{jenkins2014,
	title = {Volcanic risk assessment: Quantifying physical vulnerability in the built environment},
	author = {Jenkins, S. F. and Spence, R. J.S. and Fonseca, J. F.B.D. and Solidum, R. U. and Wilson, T. M.},
	year = {2014},
	date = {2014},
	journal = {Journal of Volcanology and Geothermal Research},
	pages = {105--120},
	volume = {276},
	doi = {10.1016/j.jvolgeores.2014.03.002},
	url = {http://dx.doi.org/10.1016/j.jvolgeores.2014.03.002},
	note = {Publisher: Elsevier B.V.}
}

@book{woodford2015,
	title = {Global volcanic hazards and risk},
	author = {Woodford, Karen Ogden},
	year = {2015},
	date = {2015}
}

@book{williams-jones2015,
	title = {Hazards of Volcanic Gases},
	author = {Williams-Jones, Glyn and Rymer, Hazel},
	year = {2015},
	date = {2015},
	publisher = {Elsevier Inc.},
	url = {http://dx.doi.org/10.1016/B978-0-12-385938-9.00057-2},
	note = {Publication Title: The Encyclopedia of Volcanoes
DOI: 10.1016/b978-0-12-385938-9.00057-2}
}

@article{altamiranda-saavedra2020,
	title = {Effect of El Niño Southern Oscillation cycle on the potential distribution of cutaneous leishmaniasis vector species in Colombia},
	author = {Altamiranda-Saavedra, Mariano and {Gutiérrez}, Juan David and Araque, Astrid and Valencia-Mazo, Juan David and {Gutiérrez}, Reinaldo and {Martínez-Vega}, Ruth A.},
	editor = {Fuehrer, Hans-Peter},
	year = {2020},
	month = {05},
	date = {2020-05-28},
	journal = {PLOS Neglected Tropical Diseases},
	pages = {e0008324},
	volume = {14},
	number = {5},
	doi = {10.1371/journal.pntd.0008324},
	url = {https://dx.plos.org/10.1371/journal.pntd.0008324},
	note = {Publisher: NLM (Medline)}
}
