% REFERENCIAS BIBLIOGRÁFICAS - CAPÍTULO 3
% Cartografía Participativa y Tecnologías Abiertas

@article{basualdo2023,
  author = {Basualdo, L. and Domenech, E. and Pérez, E.},
  title = {Territorios de la movilidad en disputa: Cartografías críticas para el análisis de las migraciones y las fronteras en el espacio sudamericano},
  journal = {Revista de Estudios Sociales},
  year = {2023},
  url = {https://www.redalyc.org/journal/4070/407062159005/}
}

@article{sauls2023,
  author = {Sauls, L. A. and Paneque‑Gálvez, J. and Amador‑Jiménez, M. and Vargas‑Ramírez, N. and Laumonier, Y.},
  title = {Drones, communities and nature: Pitfalls and possibilities for conservation and territorial rights},
  journal = {Global Social Challenges Journal},
  year = {2023},
  volume = {2},
  pages = {24--46},
  doi = {10.1332/AJHA9183}
}

@article{vargas2019,
  author = {Vargas‑Ramírez, N. and Paneque‑Gálvez, J.},
  title = {The global emergence of community drones (2012--2017)},
  journal = {Drones},
  year = {2019},
  volume = {3},
  number = {4},
  pages = {76},
  doi = {10.3390/drones3040076}
}

@inproceedings{wehn2014,
  author = {Wehn, U. and Evers, J.},
  title = {Citizen observatories of water: Social innovation via eParticipation},
  booktitle = {Advances in Computer Science Research},
  year = {2014},
  doi = {10.2991/ict4s-14.2014.1}
}

@article{klonner2014,
  author = {Klonner, C. and Barron, C. and Neis, P. and Höfle, B.},
  title = {Updating digital elevation models via change detection and fusion of human and remote sensor data in urban environments},
  journal = {International Journal of Digital Earth},
  year = {2014},
  volume = {8},
  number = {2},
  pages = {153--171},
  doi = {10.1080/17538947.2014.881427}
}

@article{liu2015,
  author = {Liu, C. and Xiong, L. and Hu, X. and Shan, J.},
  title = {A progressive buffering method for road map update using OpenStreetMap data},
  journal = {ISPRS International Journal of Geo-Information},
  year = {2015},
  volume = {4},
  number = {3},
  pages = {1246--1264},
  doi = {10.3390/ijgi4031246}
}

@article{tost2017,
  author = {Tost, J. and Ehmel, F. and Heidmann, F. and Olen, S. and Bookhagen, B.},
  title = {Hazards and accessibility: Combining and visualizing threat and open infrastructure data for disaster management},
  journal = {ICA Proceedings},
  year = {2017},
  volume = {1},
  number = {115},
  doi = {10.5194/ica-proc-1-115-2018}
}

@misc{hot2024,
  author = {{Humanitarian OpenStreetMap Team}},
  title = {Humanitarian OpenStreetMap Team},
  year = {2024},
  url = {https://www.hotosm.org},
  note = {Consultado: 26 de abril de 2024}
}

@misc{geolab2024,
  author = {{Semillero de Investigación GeoLab}},
  title = {Semillero GeoLab UdeA},
  year = {2024},
  url = {https://web.facebook.com/GeolabUdeA},
  note = {Consultado: 26 de abril de 2024}
}

@article{wahlberg2001,
  author = {Wåhlberg, A. E.},
  title = {The theoretical features of some current approaches to risk perception},
  journal = {Journal of Risk Research},
  year = {2001},
  volume = {4},
  number = {3},
  pages = {237--250},
  doi = {10.1080/13669870152023791}
}

@article{trejo2022,
  author = {Trejo‑Rangel, M. A. and Ferreira, A. M. and Marchezini, V. and Rodríguez, D. A. and {Da Silva Oliveira}, M. and Santos, D. M. D.},
  title = {Giving voice to the voiceless: Connecting graduate students with high school students by incubating DRR plans through participatory mapping},
  journal = {Disaster Prevention and Management},
  year = {2022},
  volume = {31},
  number = {2},
  pages = {124--133},
  doi = {10.1108/DPM-03-2021-0100}
}

@misc{alcaldiamedellin2024planeacion,
  author = {{Alcaldía de Medellín}},
  title = {Planeación de desarrollo local y presupuesto participativo},
  year = {2024},
  url = {https://www.medellin.gov.co/irj/portal/medellin?NavigationTarget=navurl://c9636a29ae2b2fbbb94be3ccb1ec6390}
}

@misc{espectador2022mayo,
  author = {{El Espectador}},
  title = {Emergencia por deslizamiento de tierra en San Antonio de Prado},
  year = {2022},
  month = {mayo},
  day = {18},
  url = {https://telemedellin.tv/deslizamiento-tierra-san-antonio-de-prado/491594}
}

@misc{espectador2022julio,
  author = {{El Espectador}},
  title = {Anuncian más puntos de riesgo en San Antonio de Prado, Antioquia},
  year = {2022},
  month = {julio},
  day = {19},
  url = {https://www.elespectador.com/colombia/medellin/anuncian-mas-puntos-de-riesgo-en-san-antonio-de-prado-antioquia}
}

@misc{telemedellin2022mayo,
  author = {{Telemedellín}},
  title = {Emergencia por deslizamiento de tierra en San Antonio de Prado},
  year = {2022},
  month = {mayo},
  day = {18},
  url = {https://telemedellin.tv/deslizamiento-tierra-san-antonio-de-prado/491594}
}

@misc{telemedellin2022septiembre,
  author = {{Telemedellín}},
  title = {San Antonio de Prado espera intervención de un derrumbe},
  year = {2022},
  month = {septiembre},
  day = {19},
  url = {https://telemedellin.tv/derrumbe-san-antonio-de-prado-intervencion/569593/}
}

@misc{dagrd2022,
  author = {{Alcaldía de Medellín}},
  title = {El DAGRD hace seguimiento a 20 movimientos en masa en Medellín catalogados históricamente como puntos críticos},
  year = {2022},
  month = {mayo},
  day = {17},
  url = {https://www.medellin.gov.co/es/sala-de-prensa/noticias/el-dagrd-hace-seguimiento-a-20-movimientos-en-masa-en-medellin-catalogados-historicamente-como-puntos-criticos/}
}

@misc{catalogomedellin2024,
  author = {{Alcaldía de Medellín}},
  title = {Catálogo geográfico de Medellín},
  year = {2024},
  url = {https://www.medellin.gov.co/giscatalogacion/srv/spa/catalog.search#/metadata/dc5257a2-e255-436c-9b96-77a2aa9ecfd7}
}

@misc{planmunicipalriesgo2024,
  author = {{Alcaldía de Medellín}},
  title = {Plan municipal de gestión del riesgo de desastres de Medellín 2015--2030},
  year = {2024},
  url = {https://www.medellin.gov.co/irj/portal/medellin?NavigationTarget=contenido/4902-Plan-Municipal-de-Gestion-del-Riesgo-de-Desastres}
}

@misc{eleccionesterritoriales2023,
  author = {{Alcaldía de Medellín}},
  title = {Elecciones territoriales 2023},
  year = {2023},
  url = {https://www.medellin.gov.co/es/sala-de-prensa/noticias/elecciones-territoriales-2023/}
}

@misc{micrositio2023,
  author = {{GeoLab}},
  title = {Mapeo participativo en San Antonio de Prado},
  year = {2023},
  url = {https://mapeoparticipativosap.blogspot.com/}
}

@misc{osm2024,
  author = {{OpenStreetMap}},
  title = {OpenStreetMap},
  year = {2024},
  url = {https://www.openstreetmap.org}
}

@misc{formulariokobo2023,
  author = {{GeoLab}},
  title = {Formulario de encuesta Kobo Toolbox},
  year = {2023},
  url = {https://kf.kobotoolbox.org/#/forms/aPdaqMdRZh3w2eBUyNoU6m},
  note = {Formulario}
}

@misc{ortofotomedellin2021,
  title = {Ortofoto Medellín},
  year = {2021},
  month = {agosto},
  url = {https://www.medellin.gov.co/giscatalogacion/giscatalogacion/api/records/96aafbdd-3540-4d43-81a5-aad822ae9285}
}

@misc{ortofotoproyecto2023,
  title = {Ortofoto proyecto de mapeo de San Antonio de Prado},
  year = {2023},
  month = {noviembre},
  url = {https://map.openaerialmap.org/#/-75.66987991333008,6.193440518880918,15/user/6531551f69c25a00012826cd/662d7c076049ef00013b80d9.tif?_k=1w3eb0}
}

@misc{eosdata2024,
  author = {{EOS Data Analytics}},
  title = {EOS Data Analytics},
  year = {2024},
  url = {https://www.eos.com}
}

@misc{taskingmanager2024,
  title = {Tasking Manager},
  year = {2024},
  url = {https://tasks.hotosm.org},
  note = {Consultado: 26 de abril de 2024}
}

@article{llorens2009,
  author = {Llorens, R. and Masquef, A.},
  title = {Movimiento de ladera},
  journal = {Enseñanzas de las Ciencias de la Tierra},
  year = {2009},
  volume = {17},
  number = {3},
  pages = {284--294},
  note = {ISSN 1132-9157}
}

@techreport{sgc2017,
  author = {{Servicio Geológico Colombiano}},
  title = {Clasificación de movimientos en masa y su distribución en terrenos geológicos de Colombia},
  institution = {Servicio Geológico Colombiano},
  year = {2017},
  type = {Publicaciones especiales geológicas}
}

@article{tempa2021,
  author = {Tempa, K. and Peljor, K. and Wangdi, S. and Ghalley, R. and Jamtsho, K. and Ghalley, S. and Pradhan, P.},
  title = {UAV technique to localize landslide susceptibility and mitigation proposal: A case of Rinchending Goenpa landslide in Bhutan},
  journal = {Natural Hazards Research},
  year = {2021},
  volume = {1},
  number = {4},
  pages = {171--186},
  doi = {10.1016/j.nhres.2021.09.001}
}

@article{yang2021,
  author = {Yang, D. and Qiu, H. and Hu, S. and Pei, Y. and Wang, X. and Du, C. and Long, Y. and Cao, M.},
  title = {Influence of successive landslides on topographic changes revealed by multitemporal high-resolution UAS-based DEM},
  journal = {Catena},
  year = {2021},
  volume = {202},
  pages = {105229},
  doi = {10.1016/j.catena.2021.105229}
}

@article{bathurst2010,
  author = {Bathurst, J. C. and Bovolo, C. I. and Cisneros, F.},
  title = {Modelling the effect of forest cover on shallow landslides at the river basin scale},
  journal = {Ecological Engineering},
  year = {2010},
  volume = {36},
  number = {3},
  pages = {317--327},
  doi = {10.1016/j.ecoleng.2009.05.001}
}

@article{grima2020,
  author = {Grima, N. and Edwards, D. and Edwards, F. and Petley, D. and Fisher, B.},
  title = {Landslides in the Andes: Forests can provide cost-effective landslide regulation services},
  journal = {Science of the Total Environment},
  year = {2020},
  volume = {745},
  pages = {141128},
  doi = {10.1016/j.scitotenv.2020.141128}
}

@article{marin2020,
  author = {Marín, R. J. and Marín‑Londoño, J. and Mattos, Á. J.},
  title = {Análisis y evaluación del riesgo de deslizamientos superficiales en un terreno montañoso tropical: Implementación de modelos físicos simples},
  journal = {Scientia et Technica},
  year = {2020},
  volume = {25},
  number = {1},
  pages = {164--171},
  doi = {10.22517/23447214.22171}
}

@techreport{plannacionalriesgo2022,
  author = {{Unidad Nacional para la Gestión del Riesgo de Desastres}},
  title = {Plan nacional de gestión del riesgo de desastres: Una estrategia de desarrollo 2015--2030},
  institution = {Unidad Nacional para la Gestión del Riesgo de Desastres},
  year = {2022},
  url = {https://portal.gestiondelriesgo.gov.co/Paginas/Plan-Nacional-de-Gestion-del-Riesgo.aspx}
}

@techreport{unidadnacional2022,
  author = {{Unidad Nacional para la Gestión del Riesgo de Desastres}},
  title = {Plan nacional de gestión del riesgo de desastres: Una estrategia de desarrollo 2015--2030},
  institution = {Unidad Nacional para la Gestión del Riesgo de Desastres},
  year = {2022},
  url = {https://portal.gestiondelriesgo.gov.co/Paginas/Plan-Nacional-de-Gestion-del-Riesgo.aspx}
}
