% ============================================================================
% EJEMPLOS DE REFERENCIAS BIBLIOGRÁFICAS EN FORMATO BIBTEX
% Estilo: Vancouver con corchetes
% ============================================================================
%
% Este archivo contiene ejemplos de los tipos más comunes de referencias
% que necesitarás al convertir capítulos de Word a Quarto Markdown.
%
% IDENTIFICADORES (citation keys):
% - Formato recomendado: apellidoprimerautoraño (todo en minúsculas)
% - Ejemplos: connor2015, lindsay2018, jenkins2014
% - Deben ser únicos en todo el archivo references.bib
%
% CAMPOS REQUERIDOS por tipo:
% - @article: author, title, journal, year, volume
% - @book: author, title, publisher, year
% - @inproceedings: author, title, booktitle, year
% - @techreport: author, title, institution, year
% - @mastersthesis/@phdthesis: author, title, school, year
%
% ============================================================================

% ----------------------------------------------------------------------------
% ARTÍCULOS DE REVISTA (journal articles)
% ----------------------------------------------------------------------------

@article{ejemplo-articulo-basico,
  author = {Apellido, Nombre and Apellido2, Nombre2},
  title = {Título del artículo científico},
  journal = {Nombre de la Revista},
  year = {2023},
  volume = {10},
  number = {3},
  pages = {123--145},
  doi = {10.1234/ejemplo.2023.001},
  url = {https://doi.org/10.1234/ejemplo.2023.001}
}

@article{ejemplo-articulo-completo,
  author = {García, Juan and Rodríguez, María and López, Carlos},
  title = {Análisis de factores de riesgo en comunidades vulnerables},
  journal = {Revista Latinoamericana de Salud Pública},
  year = {2022},
  month = {05},
  volume = {15},
  number = {2},
  pages = {201--218},
  doi = {10.5678/rlsp.2022.15.2.201},
  url = {https://doi.org/10.5678/rlsp.2022.15.2.201},
  note = {Publisher: Universidad Nacional}
}

% Con editor
@article{ejemplo-con-editor,
  author = {Smith, John and Doe, Jane},
  title = {Impact of climate change on disease distribution},
  editor = {Williams, Robert},
  journal = {Environmental Health Perspectives},
  year = {2021},
  volume = {129},
  number = {4},
  pages = {e045001},
  doi = {10.1289/EHP8901},
  url = {https://doi.org/10.1289/EHP8901}
}

% ----------------------------------------------------------------------------
% LIBROS (books)
% ----------------------------------------------------------------------------

@book{ejemplo-libro-basico,
  author = {Autor, Nombre},
  title = {Título del Libro},
  publisher = {Editorial},
  year = {2020},
  address = {Ciudad, País}
}

@book{ejemplo-libro-completo,
  author = {Connor, Chuck and Bebbington, Mark and Marzocchi, Warner},
  title = {Probabilistic Volcanic Hazard Assessment},
  publisher = {Elsevier Inc.},
  year = {2015},
  address = {Amsterdam},
  edition = {Second},
  isbn = {978-0-12-385938-9},
  url = {http://dx.doi.org/10.1016/B978-0-12-385938-9.00051-1},
  note = {DOI: 10.1016/b978-0-12-385938-9.00051-1}
}

% Libro con organización como autor
@book{ejemplo-libro-organizacion,
  author = {{Organización Panamericana de la Salud}},
  title = {Guía práctica de salud comunitaria},
  publisher = {OPS},
  year = {2019},
  address = {Washington, D.C.}
}

% ----------------------------------------------------------------------------
% CAPÍTULOS DE LIBRO (book chapters)
% ----------------------------------------------------------------------------

@incollection{ejemplo-capitulo,
  author = {Williams-Jones, Glyn and Rymer, Hazel},
  title = {Hazards of Volcanic Gases},
  booktitle = {The Encyclopedia of Volcanoes},
  publisher = {Elsevier Inc.},
  year = {2015},
  editor = {Sigurdsson, Haraldur},
  pages = {985--992},
  edition = {Second},
  url = {http://dx.doi.org/10.1016/B978-0-12-385938-9.00057-2},
  note = {DOI: 10.1016/b978-0-12-385938-9.00057-2}
}

% ----------------------------------------------------------------------------
% INFORMES TÉCNICOS (technical reports)
% ----------------------------------------------------------------------------

@techreport{ejemplo-informe-basico,
  author = {Investigador, Ana},
  title = {Informe sobre evaluación de riesgo},
  institution = {Instituto Nacional de Investigación},
  year = {2021},
  number = {TR-2021-45},
  address = {Ciudad}
}

@techreport{ejemplo-informe-completo,
  author = {Klimsa, C.},
  title = {Avances en los lineamientos metodológicos para aproximarse a la medición de resiliencia},
  institution = {CEPAL},
  year = {2019},
  type = {Documento de proyecto},
  address = {Santiago de Chile},
  url = {https://repositorio.cepal.org/handle/11362/45042}
}

% Con organización como autor
@techreport{ejemplo-informe-organizacion,
  author = {{Ministerio de Salud}},
  title = {Plan estratégico de salud pública 2020-2025},
  institution = {Ministerio de Salud},
  year = {2020},
  address = {Bogotá, Colombia}
}

% ----------------------------------------------------------------------------
% MANUALES Y GUÍAS (manuals)
% ----------------------------------------------------------------------------

@manual{ejemplo-manual,
  title = {Manual de procedimientos para gestión del riesgo},
  author = {{Cruz Roja Internacional}},
  organization = {Cruz Roja},
  year = {2018},
  address = {Ginebra, Suiza}
}

@manual{ejemplo-guia,
  title = {Terminología sobre reducción del riesgo de desastres},
  author = {{ONU}},
  organization = {Oficina de las Naciones Unidas para la Reducción del Riesgo de Desastres (UNISDR)},
  year = {2009},
  url = {https://www.unisdr.org/files/7817_UNISDRTerminologySpanish.pdf}
}

% ----------------------------------------------------------------------------
% TESIS (theses and dissertations)
% ----------------------------------------------------------------------------

@mastersthesis{ejemplo-tesis-maestria,
  author = {Estudiante, María},
  title = {Análisis de vulnerabilidad comunitaria ante desastres naturales},
  school = {Universidad Nacional},
  type = {Tesis de Maestría},
  year = {2022},
  address = {Bogotá, Colombia},
  url = {https://repositorio.unal.edu.co/handle/12345/67890}
}

@phdthesis{ejemplo-tesis-doctorado,
  author = {Investigador, Carlos},
  title = {Modelos predictivos de riesgo sísmico en zonas urbanas},
  school = {Universidad de Los Andes},
  type = {Tesis Doctoral},
  year = {2021},
  address = {Santiago, Chile}
}

% Tesis con advisor
@mastersthesis{ejemplo-tesis-con-advisor,
  author = {Jaque Castillo, E. D.},
  title = {Resiliencia frente a riesgos de desastres en la ciudad de Linares, Chile: Evaluación a través del modelo de las Naciones Unidas},
  school = {Universidad de Concepción},
  type = {Tesis de Maestría},
  year = {2021},
  advisor = {Pérez, Juan},
  address = {Concepción, Chile},
  url = {https://repositorio.udec.cl/handle/11594/9470}
}

% ----------------------------------------------------------------------------
% ACTAS DE CONFERENCIAS (conference proceedings)
% ----------------------------------------------------------------------------

@inproceedings{ejemplo-conferencia,
  author = {Autor, Ana and Coautor, Pedro},
  title = {Nuevas metodologías en evaluación de riesgo comunitario},
  booktitle = {Proceedings of the International Conference on Disaster Risk Reduction},
  year = {2022},
  month = {09},
  pages = {145--152},
  address = {Lima, Perú},
  publisher = {UNISDR}
}

% ----------------------------------------------------------------------------
% PÁGINAS WEB Y RECURSOS EN LÍNEA (websites)
% ----------------------------------------------------------------------------

@misc{ejemplo-pagina-web,
  author = {{Organización Mundial de la Salud}},
  title = {Guía de preparación ante emergencias sanitarias},
  year = {2023},
  howpublished = {\url{https://www.who.int/emergencies/guidance}},
  note = {Accedido: 2024-01-15}
}

@misc{ejemplo-dataset,
  author = {Instituto Nacional de Estadística},
  title = {Base de datos de censos poblacionales 2020},
  year = {2020},
  howpublished = {\url{https://www.ine.gov.co/datos/censos}},
  note = {Accedido: 2023-12-01}
}

% ----------------------------------------------------------------------------
% DOCUMENTOS GUBERNAMENTALES (government documents)
% ----------------------------------------------------------------------------

@techreport{ejemplo-plan-municipal,
  title = {Plan municipal de gestión del riesgo de desastres},
  author = {{Alcaldía de Dosquebradas}},
  institution = {Dirección de Gestión del Riesgo – DIGER},
  year = {2020},
  organization = {Alcaldía de Dosquebradas},
  address = {Dosquebradas, Colombia}
}

% ----------------------------------------------------------------------------
% MÚLTIPLES AUTORES Y CASOS ESPECIALES
% ----------------------------------------------------------------------------

% Artículo con muchos autores
@article{ejemplo-muchos-autores,
  author = {Pell del Río, S. M. and Valdés Santiago, D. and Gil Rodríguez, A. L. and Amador Romero, F. J. and Cairo Pell, K. S. and Paneque Quevedo, A. A. and Lorenzo Ruíz, A. and Febles Elejalde, M. M.},
  title = {Risk perception during confinement by COVID-19 in a Cuban sample: Preliminary results},
  journal = {Anales de la Academia de Ciencias de Cuba},
  volume = {11},
  number = {1},
  year = {2021},
  url = {http://www.revistaccuba.sld.cu/index.php/revacc/article/view/895}
}

% Trabajo de investigación (sin publicar)
@thesis{ejemplo-trabajo-investigacion,
  author = {Vásquez, J.},
  title = {Análisis de la evaluación al plan en la gestión del riesgo de desastres antes y después del 2011 en la Comuna 10 del municipio de Dosquebradas},
  type = {Trabajo de investigación},
  year = {2020},
  school = {Universidad Tecnológica de Pereira}
}

% Publicación corporativa
@book{ejemplo-publicacion-corporativa,
  title = {Huellas de esperanza},
  author = {{Ecopetrol S.A.} and {Veeduría Ciudadana} and {Fundación Social Cooplarosa}},
  year = {2015},
  publisher = {Ecopetrol},
  address = {Bogotá, Colombia}
}

% ----------------------------------------------------------------------------
% NOTAS SOBRE USO
% ----------------------------------------------------------------------------

% CÓMO USAR ESTAS REFERENCIAS EN TU DOCUMENTO .QMD:
%
% Citación simple:        [@ejemplo-articulo-basico]
% Múltiples citas:        [@ejemplo-articulo-basico; @ejemplo-libro-completo]
% Citación narrativa:     @ejemplo-articulo-basico
% Con página específica:  [@ejemplo-libro-completo, p. 45]
%
% CAMPOS OPCIONALES ÚTILES:
% - doi: Digital Object Identifier
% - url: Enlace web al documento
% - note: Notas adicionales
% - issn/isbn: Números de identificación
% - month: Mes de publicación (01-12 o jan-dec)
% - edition: Edición del libro
% - address: Ciudad de publicación
%
% CARACTERES ESPECIALES:
% - Usar {Mayúsculas} para preservar mayúsculas en títulos
% - Usar -- para rangos de páginas (123--145)
% - Usar {Nombre de Organización} cuando el autor es una organización
% - Tildes y eñes funcionan directamente: ñ, á, é, í, ó, ú
%
% ============================================================================
